@article{usbkbd,
    author = "Penninckx, Willem and M{\"u}hlberg, Jan Tobias and Smans, Jan and Jacobs, Bart and Piessens, Frank",
    Title = {Sound Formal Verification of Linuxâ€™s USB BP Keyboard Driver},
    publisher = "IBBT-DistriNet",
    year = 2012
}
@article{kleepaper,
    author = {Cadar, Cristian and Dunbar, Daniel and Engler, Dawson},
    Title = {{KLEE}: Unassisted and Automatic Generation of High-Coverage Tests for Complex Systems Programs},
    publisher = "Stanford University",
    year = 2008
}
@misc{klee,
    title = {{KLEE}: an LLVM Execution Engine},
    author = {The KLEE Team},
    year = 2014,
    note = {\url{https://klee.github.io/}}
}
@misc{llbmc,
    title = {{LLBMC}: The Low-Level Bound Model Checker},
    author = {Karlsruhe Institute of Technology},
    year = 2013,
    note = {\url{http://llbmc.org/}}
}
@misc{linux,
    title = {The Linux Project},
    author = {The Linux Foundation},
    year = 2015,
    note = {\url{https://www.linuxfoundation.org/projects/Linux}}
}
@misc{usbhid,
    title = {USB HID Drivers Source Code},
    author = {Linus Torvalds},
    year = 2016,
    note = {\url{https://github.com/torvalds/linux/tree/master/drivers/hid/usbhid}}
}
@misc{lxr,
    title = {Linux Cross-Reference},
    author = {Free Electrons},
    year = 2016,
    note = {\url{http://lxr.free-electrons.com/}}
}
